<?xml version="1.0" encoding="UTF-8"?><collection xmlns="http://www.loc.gov/MARC21/slim"><record><leader>00334nam--2200121-i-4500</leader><controlfield tag="001">000033884</controlfield><controlfield tag="002">20161230</controlfield><controlfield tag="005">20161230201039</controlfield><controlfield tag="008">060222s1000------------r-----000-0-eng-d</controlfield><datafield ind1=" " ind2=" " tag="080"><subfield code="a">539166</subfield></datafield><datafield ind1=" " ind2=" " tag="245"><subfield code="a">Memorandum on gamma-ray sources for radiography.revised edotion</subfield></datafield><datafield ind1=" " ind2=" " tag="260"><subfield code="a">London, The Institute Of Physics, 1954. 28p</subfield></datafield><datafield ind1=" " ind2=" " tag="852"><subfield code="a">10101</subfield></datafield></record></collection>